@online{Roberts:2018,
 author = {Roberts, Eric},
 title = {Resources for the CS Capacity Crisis},
 year = {2018},
 urldate = {2019-04-01},
 url = {https://cs.stanford.edu/people/eroberts/ResourcesForTheCSCapacityCrisis/},
}

@online{Roberts:2016,
 author = {Roberts, Eric},
 title = {A History of Capacity Challenges in Computer Science},
 year = {2016},
 urldate = {2019-04-01},
 url = {https://cs.stanford.edu/people/eroberts/CSCapacity/},
}

@report{Curtis:1982,
 author = {Curtis, Kent K.},
 title = {Computer Manpower --- Is There a Crisis?},
 institution = {National Science Foundation},
 address = {Washington, D.C., USA},
 year = {1982},
 url = {https://cs.stanford.edu/people/eroberts/Curtis-ComputerManpower/},
}

@report{GenerationCS,
 author = {{Computing Research Association}},
 title = {Generation CS: Computer Science Undergraduate Enrollments Surge Since 2006},
 year = {2017},
 url = {https://cra.org/data/Generation-CS/},
}

@report{TaulbeeSurvey2018,
 author = {Zweben, Stuart and Bizot, Betsy},
 title = {2018 CRA Taulbee Survey},
 year = {2019},
 url = {https://cra.org/resources/taulbee-survey/},
}

@report{CSforAll2018,
 author = {Delyser, Leigh A. and Goode, Joanna and Guzdial, Mark and Kafai, Yasmin and Yadav, Aman},
 title = {Priming the Computer Science Teacher Pump: Integrating Computer Science Education into Schools of Education},
 year = {2018},
 url = {http://www.computingteacher.org/2018}
}

@report{StateofCS2018,
 title = {2018 State of Computer Science Education},
 year = {2018},
 url = {https://advocacy.code.org/},
}

@techreport{Swamy:2018,
 author = {Swamy, Vinitra},
 title = {Pedagogy, Infrastructure, and Analytics for Data Science Education at Scale},
 institution = {EECS Department, University of California, Berkeley},
month = may,
 year = {2018},
 url = {https://www2.eecs.berkeley.edu/Pubs/TechRpts/2018/EECS-2018-81.html},
 number = {UCB/EECS-2018-81},
}

@book{CSUndergraduateEnrollments,
 author = {{National Academies of Sciences, Engineering, and Medicine}},
 title = {Assessing and Responding to the Growth of Computer Science Undergraduate Enrollments},
 isbn = {978-0-309-46702-5},
 doi = {10.17226/24926},
 url = {https://www.nap.edu/catalog/24926/assessing-and-responding-to-the-growth-of-computer-science-undergraduate-enrollments},
 year = {2018},
 publisher = {The National Academies Press},
 address = {Washington, DC}
}

@report{DiversityGapsCS,
 author = {{Google Inc. and Gallup Inc.}},
 title = {Diversity Gaps in Computer Science: Exploring the Underrepresentation of Girls, Blacks and Hispanics},
 year = {2016},
 url = {http://goo.gl/PG34aH},
}

@book{Tinto:1987,
 title = {Leaving college: Rethinking the causes and cures of student attrition},
 author = {Tinto, Vincent},
 year = {1987},
 publisher = {ERIC},
}

@unpublished{Alivisatos:2017,
 title = {STEM and Computer Science Education: Preparing the 21st Century Workforce},
 author = {Paul Alivisatos},
 year = {2017},
 url = {https://docs.house.gov/meetings/SY/SY15/20170726/106330/HHRG-115-SY15-Wstate-AlivisatosA-20170726.pdf},
 note = {Research and Technology Subcommittee, House Committee on Science, Space, and Technology},
}

@article{Terenzini:1980,
 ISSN = {03610365, 1573188X},
 URL = {http://www.jstor.org/stable/40195370},
 author = {Patrick T. Terenzini and Ernest T. Pascarella},
 journal = {Research in Higher Education},
 number = {3},
 pages = {271--282},
 publisher = {Springer},
 title = {Toward the Validation of Tinto's Model of College Student Attrition: A Review of Recent Studies},
 volume = {12},
 year = {1980},
}

@article{Treisman:1992,
 ISSN = {07468342, 19311346},
 URL = {http://www.jstor.org/stable/2686410},
 author = {Uri Treisman},
 journal = {The College Mathematics Journal},
 number = {5},
 pages = {362--372},
 publisher = {Mathematical Association of America},
 title = {Studying Students Studying Calculus: A Look at the Lives of Minority Mathematics Students in College},
 volume = {23},
 year = {1992},
}

@article{Cohoon:2002,
 author = {Cohoon, J. McGrath},
 title = {Recruiting and Retaining Women in Undergraduate Computing Majors},
 journal = {SIGCSE Bull.},
 issue_date = {June 2002},
 volume = {34},
 number = {2},
 month = jun,
 year = {2002},
 issn = {0097-8418},
 pages = {48--52},
 numpages = {5},
 url = {http://doi.acm.org/10.1145/543812.543829},
 doi = {10.1145/543812.543829},
 acmid = {543829},
 publisher = {ACM},
 address = {New York, NY, USA},
}

@inproceedings{Babes-Vroman:2017,
 author = {Babes-Vroman, Monica and Juniewicz, Isabel and Lucarelli, Bruno and Fox, Nicole and Nguyen, Thu and Tjang, Andrew and Haldeman, Georgiana and Mehta, Ashni and Chokshi, Risham},
 title = {Exploring Gender Diversity in CS at a Large Public R1 Research University},
 booktitle = {Proceedings of the 2017 ACM SIGCSE Technical Symposium on Computer Science Education},
 series = {SIGCSE '17},
 year = {2017},
 isbn = {978-1-4503-4698-6},
 pages = {51--56},
 numpages = {6},
 url = {http://doi.acm.org/10.1145/3017680.3017773},
 doi = {10.1145/3017680.3017773},
 acmid = {3017773},
 publisher = {ACM},
 address = {New York, NY, USA},
 keywords = {gender diversity, introduction to computer science, student retention},
}

@inproceedings{Crenshaw:2008,
 author = {Crenshaw, Tanya L. and Chambers, Erin Wolf and Metcalf, Heather},
 title = {A Case Study of Retention Practices at the University of Illinois at Urbana-Champaign},
 booktitle = {Proceedings of the 39th SIGCSE Technical Symposium on Computer Science Education},
 series = {SIGCSE '08},
 year = {2008},
 isbn = {978-1-59593-799-5},
 pages = {412--416},
 numpages = {5},
 url = {http://doi.acm.org/10.1145/1352135.1352276},
 doi = {10.1145/1352135.1352276},
 acmid = {1352276},
 publisher = {ACM},
 address = {New York, NY, USA},
 keywords = {advising, diversity, graduate, mentoring, retention, undergraduate},
}

@inproceedings{Newhall:2014,
 author = {Newhall, Tia and Meeden, Lisa and Danner, Andrew and Soni, Ameet and Ruiz, Frances and Wicentowski, Richard},
 title = {A Support Program for Introductory CS Courses That Improves Student Performance and Retains Students from Underrepresented Groups},
 booktitle = {Proceedings of the 45th ACM Technical Symposium on Computer Science Education},
 series = {SIGCSE '14},
 year = {2014},
 isbn = {978-1-4503-2605-6},
 pages = {433--438},
 numpages = {6},
 url = {http://doi.acm.org/10.1145/2538862.2538923},
 doi = {10.1145/2538862.2538923},
 acmid = {2538923},
 publisher = {ACM},
 address = {New York, NY, USA},
 keywords = {CS1, CS2, diversity, mentoring},
}

@article{Narayanan:2018,
 author = {Narayanan, Sathya and Cunningham, Kathryn and Arteaga, Sonia and Welch, William J. and Maxwell, Leslie and Chawinga, Zechariah and Su, Bude},
 title = {Upward Mobility for Underrepresented Students: A Model for a Cohort-based Bachelor's Degree in Computer Science},
 journal = {ACM Inroads},
 issue_date = {June 2018},
 volume = {9},
 number = {2},
 month = apr,
 year = {2018},
 issn = {2153-2184},
 pages = {72--78},
 numpages = {7},
 url = {http://doi.acm.org/10.1145/3210555},
 doi = {10.1145/3210555},
 acmid = {3210555},
 publisher = {ACM},
 address = {New York, NY, USA},
}

@inproceedings{Rheingans:2018,
 author = {Rheingans, Penny and D'Eramo, Erica and Diaz-Espinoza, Crystal and Ireland, Danyelle},
 title = {A Model for Increasing Gender Diversity in Technology},
 booktitle = {Proceedings of the 49th ACM Technical Symposium on Computer Science Education},
 series = {SIGCSE '18},
 year = {2018},
 isbn = {978-1-4503-5103-4},
 pages = {459--464},
 numpages = {6},
 url = {http://doi.acm.org/10.1145/3159450.3159533},
 doi = {10.1145/3159450.3159533},
 acmid = {3159533},
 publisher = {ACM},
 address = {New York, NY, USA},
 keywords = {community, diversity, gender, scholar programs},
}

@inproceedings{Maher:2015,
 author = {Maher, Mary Lou and Latulipe, Celine and Lipford, Heather and Rorrer, Audrey},
 title = {Flipped Classroom Strategies for CS Education},
 booktitle = {Proceedings of the 46th ACM Technical Symposium on Computer Science Education},
 series = {SIGCSE '15},
 year = {2015},
 isbn = {978-1-4503-2966-8},
 pages = {218--223},
 numpages = {6},
 url = {http://doi.acm.org/10.1145/2676723.2677252},
 doi = {10.1145/2676723.2677252},
 acmid = {2677252},
 publisher = {ACM},
 address = {New York, NY, USA},
 keywords = {flipped classroom, online video, strategies for active learning},
}

@inproceedings{Malan:2010,
 author = {Malan, David J.},
 title = {Reinventing CS50},
 booktitle = {Proceedings of the 41st ACM Technical Symposium on Computer Science Education},
 series = {SIGCSE '10},
 year = {2010},
 isbn = {978-1-4503-0006-3},
 pages = {152--156},
 numpages = {5},
 url = {http://doi.acm.org/10.1145/1734263.1734316},
 doi = {10.1145/1734263.1734316},
 acmid = {1734316},
 publisher = {ACM},
 address = {New York, NY, USA},
 keywords = {cs0, cs1, cs2, curriculum, pedagogy},
}

@inproceedings{Porter:2013,
 author = {Porter, Leo and Bailey Lee, Cynthia and Simon, Beth},
 title = {Halving Fail Rates Using Peer Instruction: A Study of Four Computer Science Courses},
 booktitle = {Proceeding of the 44th ACM Technical Symposium on Computer Science Education},
 series = {SIGCSE '13},
 year = {2013},
 isbn = {978-1-4503-1868-6},
 pages = {177--182},
 numpages = {6},
 url = {http://doi.acm.org/10.1145/2445196.2445250},
 doi = {10.1145/2445196.2445250},
 acmid = {2445250},
 publisher = {ACM},
 address = {New York, NY, USA},
 keywords = {active learning, assessment, flipped classroom, peer instruction, student-centric learning},
}

@inproceedings{Guo:2013,
 author = {Guo, Philip J.},
 title = {Online Python Tutor: Embeddable Web-based Program Visualization for CS Education},
 booktitle = {Proceeding of the 44th ACM Technical Symposium on Computer Science Education},
 series = {SIGCSE '13},
 year = {2013},
 isbn = {978-1-4503-1868-6},
 pages = {579--584},
 numpages = {6},
 url = {http://doi.acm.org/10.1145/2445196.2445368},
 doi = {10.1145/2445196.2445368},
 acmid = {2445368},
 publisher = {ACM},
 address = {New York, NY, USA},
 keywords = {CS1, program visualization, python},
}

@inproceedings{Hug:2015,
 author = {Hug, Josh and Garcia, Daniel D.},
 title = {Handling Very Large Lecture Courses: Keeping the Wheels on the Bus (Abstract Only)},
 booktitle = {Proceedings of the 46th ACM Technical Symposium on Computer Science Education},
 series = {SIGCSE '15},
 year = {2015},
 isbn = {978-1-4503-2966-8},
 pages = {697--697},
 numpages = {1},
 url = {http://doi.acm.org/10.1145/2676723.2691867},
 doi = {10.1145/2676723.2691867},
 acmid = {2691867},
 publisher = {ACM},
 address = {New York, NY, USA},
 keywords = {automated assessments, course logistics, instructional technologies, large lecture courses},
}

@inproceedings{Hug:2017,
 author = {Hug, Josh and Lee, Cynthia},
 title = {Handling Very Large Lecture Courses: Keeping the Wheels on the Bus III (Abstract Only)},
 booktitle = {Proceedings of the 2017 ACM SIGCSE Technical Symposium on Computer Science Education},
 series = {SIGCSE '17},
 year = {2017},
 isbn = {978-1-4503-4698-6},
 pages = {725--725},
 numpages = {1},
 url = {http://doi.acm.org/10.1145/3017680.3022374},
 doi = {10.1145/3017680.3022374},
 acmid = {3022374},
 publisher = {ACM},
 address = {New York, NY, USA},
 keywords = {automated assessments, course logistics, instructional technologies, large lecture courses},
}

@inproceedings{Alvarado:2017,
 author = {Alvarado, Christine and Minnes, Mia and Porter, Leo},
 title = {Micro-Classes: A Structure for Improving Student Experience in Large Classes},
 booktitle = {Proceedings of the 2017 ACM SIGCSE Technical Symposium on Computer Science Education},
 series = {SIGCSE '17},
 year = {2017},
 isbn = {978-1-4503-4698-6},
 pages = {21--26},
 numpages = {6},
 url = {http://doi.acm.org/10.1145/3017680.3017727},
 doi = {10.1145/3017680.3017727},
 acmid = {3017727},
 publisher = {ACM},
 address = {New York, NY, USA},
 keywords = {active learning, classroom community, data structures, gender, large classes},
}

@inproceedings{Minnes:2018,
 author = {Minnes, Mia and Alvarado, Christine and Porter, Leo},
 title = {Lightweight Techniques to Support Students in Large Classes},
 booktitle = {Proceedings of the 49th ACM Technical Symposium on Computer Science Education},
 series = {SIGCSE '18},
 year = {2018},
 isbn = {978-1-4503-5103-4},
 pages = {122--127},
 numpages = {6},
 url = {http://doi.acm.org/10.1145/3159450.3159601},
 doi = {10.1145/3159450.3159601},
 acmid = {3159601},
 publisher = {ACM},
 address = {New York, NY, USA},
 keywords = {classroom community, computing education, educational interventions, large classes, sense of belonging},
}

@inproceedings{Kay:1998,
 author = {Kay, David G.},
 title = {Large Introductory Computer Science Classes: Strategies for Effective Course Management},
 booktitle = {Proceedings of the Twenty-ninth SIGCSE Technical Symposium on Computer Science Education},
 series = {SIGCSE '98},
 year = {1998},
 isbn = {0-89791-994-7},
 pages = {131--134},
 numpages = {4},
 url = {http://doi.acm.org/10.1145/273133.273177},
 doi = {10.1145/273133.273177},
 acmid = {273177},
 publisher = {ACM},
 address = {New York, NY, USA},
 keywords = {course management, introductory courses, large courses, teaching techniques},
}

@inproceedings{Reges:1988,
 author = {Reges, Stuart and McGrory, John and Smith, Jeff},
 title = {The Effective Use of Undergraduates to Staff Large Introductory CS Courses},
 booktitle = {Proceedings of the Nineteenth SIGCSE Technical Symposium on Computer Science Education},
 series = {SIGCSE '88},
 year = {1988},
 isbn = {0-89791-256-X},
 location = {Atlanta, Georgia, USA},
 pages = {22--25},
 numpages = {4},
 url = {http://doi.acm.org/10.1145/52964.52971},
 doi = {10.1145/52964.52971},
 acmid = {52971},
 publisher = {ACM},
 address = {New York, NY, USA},
}

@inproceedings{Roberts:1995,
 author = {Roberts, Eric and Lilly, John and Rollins, Bryan},
 title = {Using Undergraduates As Teaching Assistants in Introductory Programming Courses: An Update on the Stanford Experience},
 booktitle = {Proceedings of the Twenty-sixth SIGCSE Technical Symposium on Computer Science Education},
 series = {SIGCSE '95},
 year = {1995},
 isbn = {0-89791-693-X},
 pages = {48--52},
 numpages = {5},
 url = {http://doi.acm.org/10.1145/199688.199716},
 doi = {10.1145/199688.199716},
 acmid = {199716},
 publisher = {ACM},
 address = {New York, NY, USA},
}

@inproceedings{Reges:2003,
 author = {Reges, Stuart},
 title = {Using Undergraduates As Teaching Assistants at a State University},
 booktitle = {Proceedings of the 34th SIGCSE Technical Symposium on Computer Science Education},
 series = {SIGCSE '03},
 year = {2003},
 isbn = {1-58113-648-X},
 pages = {103--107},
 numpages = {5},
 url = {http://doi.acm.org/10.1145/611892.611943},
 doi = {10.1145/611892.611943},
 acmid = {611943},
 publisher = {ACM},
 address = {New York, NY, USA},
 keywords = {CS1, CS2, undergraduate TA},
}

@inproceedings{Dickson:2017,
 author = {Dickson, Paul E. and Dragon, Toby and Lee, Adam},
 title = {Using Undergraduate Teaching Assistants in Small Classes},
 booktitle = {Proceedings of the 2017 ACM SIGCSE Technical Symposium on Computer Science Education},
 series = {SIGCSE '17},
 year = {2017},
 isbn = {978-1-4503-4698-6},
 pages = {165--170},
 numpages = {6},
 url = {http://doi.acm.org/10.1145/3017680.3017725},
 doi = {10.1145/3017680.3017725},
 acmid = {3017725},
 publisher = {ACM},
 address = {New York, NY, USA},
 keywords = {computer science education, undergraduate teaching assistants},
}

@inproceedings{Decker:2006,
 author = {Decker, Adrienne and Ventura, Phil and Egert, Christopher},
 title = {Through the Looking Glass: Reflections on Using Undergraduate Teaching Assistants in CS1},
 booktitle = {Proceedings of the 37th SIGCSE Technical Symposium on Computer Science Education},
 series = {SIGCSE '06},
 year = {2006},
 isbn = {1-59593-259-3},
 pages = {46--50},
 numpages = {5},
 url = {http://doi.acm.org/10.1145/1121341.1121358},
 doi = {10.1145/1121341.1121358},
 acmid = {1121358},
 publisher = {ACM},
 address = {New York, NY, USA},
 keywords = {CS1, undergraduate teaching assistants},
}

@article{Lewis:2017,
 author = {Lewis, Colleen M.},
 title = {ACM Retention Committee: Twelve Tips for Creating a Culture That Supports All Students in Computing},
 journal = {ACM Inroads},
 issue_date = {December 2017},
 volume = {8},
 number = {4},
 month = oct,
 year = {2017},
 issn = {2153-2184},
 pages = {17--20},
 numpages = {4},
 url = {http://doi.acm.org/10.1145/3148524},
 doi = {10.1145/3148524},
 acmid = {3148524},
 publisher = {ACM},
 address = {New York, NY, USA},
}

@report{RetentionCS,
 author = {Stephenson, Chris and Derbenwick Miller, Alison and Alvarado, Christine and Barker, Lecia and Barr, Valerie and Camp, Tracy and Frieze, Carol and Lewis, Colleen and Cannon Mindell, Erin and Limbird, Lee and Richardson, Debra and Sahami, Mehran and Villa, Elsa and Walker, Henry and Zweben, Stuart},
 title = {Retention in Computer Science Undergraduate Programs in the U.S.: Data Challenges and Promising Interventions},
 year = {2018},
 url = {https://www.acm.org/binaries/content/assets/education/retention-in-cs-undergrad-programs-in-the-us.pdf},
 publisher = {ACM},
 address = {New York, NY, USA},
}

@inproceedings{Patitsas:2014,
 author = {Patitsas, Elizabeth and Craig, Michelle and Easterbrook, Steve},
 title = {A Historical Examination of the Social Factors Affecting Female Participation in Computing},
 booktitle = {Proceedings of the 2014 Conference on Innovation \& Technology in Computer Science Education},
 series = {ITiCSE '14},
 year = {2014},
 isbn = {978-1-4503-2833-3},
 location = {Uppsala, Sweden},
 pages = {111--116},
 numpages = {6},
 url = {http://doi.acm.org/10.1145/2591708.2591731},
 doi = {10.1145/2591708.2591731},
 acmid = {2591731},
 publisher = {ACM},
 address = {New York, NY, USA},
 keywords = {computer science education, studies of cs, women in cs},
} 

@inproceedings{Patitsas:2016, 
 author = {Patitsas, Elizabeth and Craig, Michelle and Easterbrook, Steve}, 
 title = {How CS departments are managing the enrolment boom: Troubling implications for diversity}, 
 booktitle = {2016 Research on Equity and Sustained Participation in Engineering, Computing, and Technology (RESPECT)}, 
 year = {2016}, 
 pages = {1-2}, 
 doi = {10.1109/RESPECT.2016.7836180}, 
 month = aug,
 keywords = {computer science education;further education;CS departments;enrolment boom;North American undergraduate computer science;demographic diversity;Education;Cultural differences;Computer science;Computers;Logic gates;Presses;History}, 
}

@inproceedings{Smith:2017,
 author = {Smith, Aaron J. and Boyer, Kristy Elizabeth and Forbes, Jeffrey and Heckman, Sarah and Mayer-Patel, Ketan},
 title = {My Digital Hand: A Tool for Scaling Up One-to-One Peer Teaching in Support of Computer Science Learning},
 booktitle = {Proceedings of the 2017 ACM SIGCSE Technical Symposium on Computer Science Education},
 series = {SIGCSE '17},
 year = {2017},
 isbn = {978-1-4503-4698-6},
 location = {Seattle, Washington, USA},
 pages = {549--554},
 numpages = {6},
 url = {http://doi.acm.org/10.1145/3017680.3017800},
 doi = {10.1145/3017680.3017800},
 acmid = {3017800},
 publisher = {ACM},
 address = {New York, NY, USA},
 keywords = {computer science education, large scale instruction, learning management tools, peer teaching},
} 

@article{MacWilliam:2013,
 author = {MacWilliam, Tommy and Malan, David J.},
 title = {Scaling Office Hours: Managing Live Q\&\#38;A in Large Courses},
 journal = {J. Comput. Sci. Coll.},
 issue_date = {January 2013},
 volume = {28},
 number = {3},
 month = jan,
 year = {2013},
 issn = {1937-4771},
 pages = {94--101},
 numpages = {8},
 url = {http://dl.acm.org/citation.cfm?id=2400161.2400179},
 acmid = {2400179},
 publisher = {Consortium for Computing Sciences in Colleges},
 address = {USA},
}

@inproceedings{Basu:2015,
 author = {Basu, Soumya and Wu, Albert and Hou, Brian and DeNero, John},
 title = {Problems Before Solutions: Automated Problem Clarification at Scale},
 booktitle = {Proceedings of the Second (2015) ACM Conference on Learning @ Scale},
 series = {L@S '15},
 year = {2015},
 isbn = {978-1-4503-3411-2},
 location = {Vancouver, BC, Canada},
 pages = {205--213},
 numpages = {9},
 url = {http://doi.acm.org/10.1145/2724660.2724679},
 doi = {10.1145/2724660.2724679},
 acmid = {2724679},
 publisher = {ACM},
 address = {New York, NY, USA},
 keywords = {automated assessment, behavioral analytics, online learning},
} 

@inproceedings{Sridhara:2016,
 author = {Sridhara, Sumukh and Hou, Brian and Lu, Jeffrey and DeNero, John},
 title = {Fuzz Testing Projects in Massive Courses},
 booktitle = {Proceedings of the Third (2016) ACM Conference on Learning @ Scale},
 series = {L@S '16},
 year = {2016},
 isbn = {978-1-4503-3726-7},
 location = {Edinburgh, Scotland, UK},
 pages = {361--367},
 numpages = {7},
 url = {http://doi.acm.org/10.1145/2876034.2876050},
 doi = {10.1145/2876034.2876050},
 acmid = {2876050},
 publisher = {ACM},
 address = {New York, NY, USA},
 keywords = {automated assessment, behavioral analytics, online learning},
} 

@inproceedings{Phothilimthana:2017,
 author = {Phothilimthana, Phitchaya Mangpo and Sridhara, Sumukh},
 title = {High-Coverage Hint Generation for Massive Courses: Do Automated Hints Help CS1 Students?},
 booktitle = {Proceedings of the 2017 ACM Conference on Innovation and Technology in Computer Science Education},
 series = {ITiCSE '17},
 year = {2017},
 isbn = {978-1-4503-4704-4},
 location = {Bologna, Italy},
 pages = {182--187},
 numpages = {6},
 url = {http://doi.acm.org/10.1145/3059009.3059058},
 doi = {10.1145/3059009.3059058},
 acmid = {3059058},
 publisher = {ACM},
 address = {New York, NY, USA},
 keywords = {automated tutor, computer-aided education, program analysis, program synthesis},
}

@inproceedings{Yan:2018,
 author = {Yan, Lisa and McKeown, Nick and Sahami, Mehran and Piech, Chris},
 title = {TMOSS: Using Intermediate Assignment Work to Understand Excessive Collaboration in Large Classes},
 booktitle = {Proceedings of the 49th ACM Technical Symposium on Computer Science Education},
 series = {SIGCSE '18},
 year = {2018},
 isbn = {978-1-4503-5103-4},
 location = {Baltimore, Maryland, USA},
 pages = {110--115},
 numpages = {6},
 url = {http://doi.acm.org/10.1145/3159450.3159490},
 doi = {10.1145/3159450.3159490},
 acmid = {3159490},
 publisher = {ACM},
 address = {New York, NY, USA},
 keywords = {plagiarism detection, programming courses, student performance, teaching at scale, undergraduate courses},
}

@inproceedings{Yan:2019,
 author = {Yan, Lisa and Hu, Annie and Piech, Chris},
 title = {Pensieve: Feedback on Coding Process for Novices},
 booktitle = {Proceedings of the 50th ACM Technical Symposium on Computer Science Education},
 series = {SIGCSE '19},
 year = {2019},
 isbn = {978-1-4503-5890-3},
 location = {Minneapolis, MN, USA},
 pages = {253--259},
 numpages = {7},
 url = {http://doi.acm.org/10.1145/3287324.3287483},
 doi = {10.1145/3287324.3287483},
 acmid = {3287483},
 publisher = {ACM},
 address = {New York, NY, USA},
 keywords = {assessment, formative feedback, metacognition, pedagogy, programming courses},
}

@inproceedings{Piech:2012,
 author = {Piech, Chris and Sahami, Mehran and Koller, Daphne and Cooper, Steve and Blikstein, Paulo},
 title = {Modeling How Students Learn to Program},
 booktitle = {Proceedings of the 43rd ACM Technical Symposium on Computer Science Education},
 series = {SIGCSE '12},
 year = {2012},
 isbn = {978-1-4503-1098-7},
 location = {Raleigh, North Carolina, USA},
 pages = {153--160},
 numpages = {8},
 url = {http://doi.acm.org/10.1145/2157136.2157182},
 doi = {10.1145/2157136.2157182},
 acmid = {2157182},
 publisher = {ACM},
 address = {New York, NY, USA},
 keywords = {hidden Markov model, intelligent tutor, probabilistic graphical models, program dissimilarity metric, student progress model},
}

@inproceedings{Wang:2017,
 author = {Wang, Lisa and Sy, Angela and Liu, Larry and Piech, Chris},
 title = {Deep Knowledge Tracing On Programming Exercises},
 booktitle = {Proceedings of the Fourth (2017) ACM Conference on Learning @ Scale},
 series = {L@S '17},
 year = {2017},
 isbn = {978-1-4503-4450-0},
 location = {Cambridge, Massachusetts, USA},
 pages = {201--204},
 numpages = {4},
 url = {http://doi.acm.org/10.1145/3051457.3053985},
 doi = {10.1145/3051457.3053985},
 acmid = {3053985},
 publisher = {ACM},
 address = {New York, NY, USA},
 keywords = {deep learning, educational data mining, knowledge tracing, machine learning, online education, personalized learning, representation learning, sequential modeling.},
}

@inproceedings{Liao:2019,
 author = {Liao, Soohyun Nam and Zingaro, Daniel and Alvarado, Christine and Griswold, William G. and Porter, Leo},
 title = {Exploring the Value of Different Data Sources for Predicting Student Performance in Multiple CS Courses},
 booktitle = {Proceedings of the 50th ACM Technical Symposium on Computer Science Education},
 series = {SIGCSE '19},
 year = {2019},
 isbn = {978-1-4503-5890-3},
 location = {Minneapolis, MN, USA},
 pages = {112--118},
 numpages = {7},
 url = {http://doi.acm.org/10.1145/3287324.3287407},
 doi = {10.1145/3287324.3287407},
 acmid = {3287407},
 publisher = {ACM},
 address = {New York, NY, USA},
 keywords = {architecture, cs1, cs2, data structures, low-performing students, machine learning, prediction, student outcomes},
}

@article{Glassman:2015,
 author = {Glassman, Elena L. and Scott, Jeremy and Singh, Rishabh and Guo, Philip J. and Miller, Robert C.},
 title = {OverCode: Visualizing Variation in Student Solutions to Programming Problems at Scale},
 journal = {ACM Trans. Comput.-Hum. Interact.},
 issue_date = {April 2015},
 volume = {22},
 number = {2},
 month = mar,
 year = {2015},
 issn = {1073-0516},
 pages = {7:1--7:35},
 articleno = {7},
 numpages = {35},
 url = {http://doi.acm.org/10.1145/2699751},
 doi = {10.1145/2699751},
 acmid = {2699751},
 publisher = {ACM},
 address = {New York, NY, USA},
 keywords = {Programming education, learning at scale},
}

@inproceedings{Astrachan:2007,
 author = {Astrachan, Owen and Parlante, Nick and Garcia, Daniel D. and Reges, Stuart},
 title = {Teaching Tips We Wish They'd Told Us Before We Started},
 booktitle = {Proceedings of the 38th SIGCSE Technical Symposium on Computer Science Education},
 series = {SIGCSE '07},
 year = {2007},
 isbn = {1-59593-361-1},
 location = {Covington, Kentucky, USA},
 pages = {2--3},
 numpages = {2},
 url = {http://doi.acm.org/10.1145/1227310.1227314},
 doi = {10.1145/1227310.1227314},
 acmid = {1227314},
 publisher = {ACM},
 address = {New York, NY, USA},
 keywords = {education, teaching tips},
}

@article{Titterton:2010,
 author = {Titterton, Nathaniel and Lewis, Colleen M. and Clancy, Michael J.},
 title = {Experiences with lab-centric instruction},
 journal = {Computer Science Education},
 volume = {20},
 number = {2},
 pages = {79-102},
 year  = {2010},
 publisher = {Routledge},
 doi = {10.1080/08993408.2010.486256},
 url = {https://doi.org/10.1080/08993408.2010.486256},
 eprint = {https://doi.org/10.1080/08993408.2010.486256}
}

@inproceedings{West:2016,
 author = {West, Matthew and Zilles, Craig},
 title = {Modeling Student Scheduling Preferences in a Computer-Based Testing Facility},
 booktitle = {Proceedings of the Third (2016) ACM Conference on Learning @ Scale},
 series = {L@S '16},
 year = {2016},
 isbn = {978-1-4503-3726-7},
 location = {Edinburgh, Scotland, UK},
 pages = {309--312},
 numpages = {4},
 url = {http://doi.acm.org/10.1145/2876034.2893441},
 doi = {10.1145/2876034.2893441},
 acmid = {2893441},
 publisher = {ACM},
 address = {New York, NY, USA},
 keywords = {asynchronous exams, capacity planning, computerized testing, discrete choice theory, student modeling},
}

@inproceedings{Nip:2018,
 author = {Nip, Terence and Gunter, Elsa L. and Herman, Geoffrey L. and Morphew, Jason W. and West, Matthew},
 title = {Using a Computer-based Testing Facility to Improve Student Learning in a Programming Languages and Compilers Course},
 booktitle = {Proceedings of the 49th ACM Technical Symposium on Computer Science Education},
 series = {SIGCSE '18},
 year = {2018},
 isbn = {978-1-4503-5103-4},
 location = {Baltimore, Maryland, USA},
 pages = {568--573},
 numpages = {6},
 url = {http://doi.acm.org/10.1145/3159450.3159500},
 doi = {10.1145/3159450.3159500},
 acmid = {3159500},
 publisher = {ACM},
 address = {New York, NY, USA},
 keywords = {compilers, computer-based testing, programming languages, testing effect},
}

@inproceedings{Piech:2018,
 author = {Piech, Chris and Gregg, Chris},
 title = {BlueBook: A Computerized Replacement for Paper Tests in Computer Science},
 booktitle = {Proceedings of the 49th ACM Technical Symposium on Computer Science Education},
 series = {SIGCSE '18},
 year = {2018},
 isbn = {978-1-4503-5103-4},
 location = {Baltimore, Maryland, USA},
 pages = {562--567},
 numpages = {6},
 url = {http://doi.acm.org/10.1145/3159450.3159587},
 doi = {10.1145/3159450.3159587},
 acmid = {3159587},
 publisher = {ACM},
 address = {New York, NY, USA},
 keywords = {assessment, computerized exam, pedagogy},
}

@inproceedings{Pon-Barry:2019,
 author = {Pon-Barry, Heather and St. John, Audrey and Packard, Becky Wai-Ling and Rotundo, Barbara},
 title = {A Flexible Curriculum for Promoting Inclusion Through Peer Mentorship},
 booktitle = {Proceedings of the 50th ACM Technical Symposium on Computer Science Education},
 series = {SIGCSE '19},
 year = {2019},
 isbn = {978-1-4503-5890-3},
 location = {Minneapolis, MN, USA},
 pages = {1116--1122},
 numpages = {7},
 url = {http://doi.acm.org/10.1145/3287324.3287434},
 doi = {10.1145/3287324.3287434},
 acmid = {3287434},
 publisher = {ACM},
 address = {New York, NY, USA},
 keywords = {effective learning, inclusion, modular curriculum, peer mentor preparation},
}

@inproceedings{Prather:2019,
 author = {Prather, James and Pettit, Raymond and Becker, Brett A. and Denny, Paul and Loksa, Dastyni and Peters, Alani and Albrecht, Zachary and Masci, Krista},
 title = {First Things First: Providing Metacognitive Scaffolding for Interpreting Problem Prompts},
 booktitle = {Proceedings of the 50th ACM Technical Symposium on Computer Science Education},
 series = {SIGCSE '19},
 year = {2019},
 isbn = {978-1-4503-5890-3},
 location = {Minneapolis, MN, USA},
 pages = {531--537},
 numpages = {7},
 url = {http://doi.acm.org/10.1145/3287324.3287374},
 doi = {10.1145/3287324.3287374},
 acmid = {3287374},
 publisher = {ACM},
 address = {New York, NY, USA},
 keywords = {automated assessment tools, cs1, metacognitive awareness},
}